<collection xmlns="http://www.loc.gov/MARC21/slim">
<record>
  <leader>01856nam0a2200361 i 450 </leader>
  <controlfield tag="001">IT\ICCU\CNCE\029564</controlfield>
  <controlfield tag="005">20170306000000.0</controlfield>
  <datafield tag="012" ind1=" " ind2=" ">
    <subfield code="a">s.u. m.a. uma- moua (C) 150. (Q)</subfield>
    <subfield code="2">fei</subfield>
  </datafield>
  <datafield tag="100" ind1=" " ind2=" ">
    <subfield code="a">19971120f15001509    0itac0103    ba</subfield>
  </datafield>
  <datafield tag="101" ind1=" " ind2=" ">
    <subfield code="a">LAT</subfield>
  </datafield>
  <datafield tag="102" ind1=" " ind2=" ">
    <subfield code="a">IT</subfield>
  </datafield>
  <datafield tag="200" ind1="1" ind2=" ">
    <subfield code="a">Regimen sanitatis Salernitanum cum expositione magistri Arnaldi de Villanoua Cathellano nouiter impressus</subfield>
  </datafield>
  <datafield tag="210" ind1=" " ind2=" ">
    <subfield code="d">\150.!</subfield>
  </datafield>
  <datafield tag="215" ind1=" " ind2=" ">
    <subfield code="a">\82! c.</subfield>
    <subfield code="d">4ʻ</subfield>
  </datafield>
  <datafield tag="300" ind1=" " ind2=" ">
    <subfield code="a">Stampata a Venezia da Bernardino Vitali; per il tipografo e la data, cfr.: &lt;A HREF=&quot;http://data.cerl.org/istc/ir00081000&quot; TARGET=&quot;_blank&quot;&gt;ISTC ir00081000&lt;/A&gt;</subfield>
  </datafield>
  <datafield tag="500" ind1="1" ind2="1">
    <subfield code="3">IT\ICCU\CNCE\029358</subfield>
    <subfield code="a">Regimen sanitatis Salernitanum</subfield>
  </datafield>
  <datafield tag="620" ind1=" " ind2=" ">
    <subfield code="a">IT</subfield>
    <subfield code="d">Venezia</subfield>
  </datafield>
  <datafield tag="702" ind1=" " ind2="0">
    <subfield code="a">Arnaldus</subfield>
    <subfield code="c"> : de#Villanova</subfield>
    <subfield code="3">IT\ICCU\CNCA\000885</subfield>
  </datafield>
  <datafield tag="712" ind1="0" ind2="0">
    <subfield code="a">Vitali, Bernardino</subfield>
    <subfield code="3">IT\ICCU\CNCT\000068</subfield>
    <subfield code="4">650</subfield>
  </datafield>
  <datafield tag="790" ind1=" " ind2="0">
    <subfield code="a">Arnaldo</subfield>
    <subfield code="c"> : de#Vilanova</subfield>
    <subfield code="3">IT\ICCU\CNCA\012263</subfield>
    <subfield code="z">Arnaldus : de#Villanova</subfield>
  </datafield>
  <datafield tag="790" ind1=" " ind2="0">
    <subfield code="a">Arnoldus</subfield>
    <subfield code="c"> : Novicomensis</subfield>
    <subfield code="3">IT\ICCU\CNCA\012265</subfield>
    <subfield code="z">Arnaldus : de#Villanova</subfield>
  </datafield>
  <datafield tag="790" ind1=" " ind2="1">
    <subfield code="a">Soler Pla,</subfield>
    <subfield code="b">Juan</subfield>
    <subfield code="3">IT\ICCU\CNCA\012266</subfield>
    <subfield code="z">Arnaldus : de#Villanova</subfield>
  </datafield>
  <datafield tag="790" ind1=" " ind2="1">
    <subfield code="a">Vilanova,</subfield>
    <subfield code="b">Arnau : de</subfield>
    <subfield code="3">IT\ICCU\CNCA\012267</subfield>
    <subfield code="z">Arnaldus : de#Villanova</subfield>
  </datafield>
  <datafield tag="791" ind1="0" ind2="2">
    <subfield code="a">B. V.</subfield>
    <subfield code="3">IT\ICCU\CNCT\002949</subfield>
    <subfield code="z">Vitali, Bernardino</subfield>
  </datafield>
  <datafield tag="791" ind1="0" ind2="2">
    <subfield code="a">Bernardinus Venetus</subfield>
    <subfield code="3">IT\ICCU\CNCT\003178</subfield>
    <subfield code="z">Vitali, Bernardino</subfield>
  </datafield>
  <datafield tag="791" ind1="0" ind2="0">
    <subfield code="a">Vidali, Bernardino de</subfield>
    <subfield code="3">IT\ICCU\CNCT\004172</subfield>
    <subfield code="z">Vitali, Bernardino</subfield>
  </datafield>
  <datafield tag="791" ind1="0" ind2="0">
    <subfield code="a">Vitalibus, Bernardinus de</subfield>
    <subfield code="3">IT\ICCU\CNCT\005902</subfield>
    <subfield code="z">Vitali, Bernardino</subfield>
  </datafield>
  <datafield tag="791" ind1="0" ind2="0">
    <subfield code="a">Vitalis, Bernardinus</subfield>
    <subfield code="3">IT\ICCU\CNCT\005903</subfield>
    <subfield code="z">Vitali, Bernardino</subfield>
  </datafield>
  <datafield tag="791" ind1="0" ind2="0">
    <subfield code="a">Vitalli, Bernardino di</subfield>
    <subfield code="3">IT\ICCU\CNCT\005904</subfield>
    <subfield code="z">Vitali, Bernardino</subfield>
  </datafield>
  <datafield tag="801" ind1=" " ind2="3">
    <subfield code="a">IT</subfield>
    <subfield code="b">ICCU</subfield>
    <subfield code="c">20201114</subfield>
  </datafield>
  <datafield tag="899" ind1=" " ind2=" ">
    <subfield code="a">Biblioteca civica Queriniana. Brescia</subfield>
    <subfield code="1">BS0026</subfield>
    <subfield code="2">ZBS 01</subfield>
  </datafield>
  <datafield tag="899" ind1=" " ind2=" ">
    <subfield code="a">Biblioteca Apostolica Vaticana. Citt ̉del Vaticano</subfield>
    <subfield code="1">EX0001</subfield>
    <subfield code="2">ZCV 01</subfield>
  </datafield>
  <datafield tag="899" ind1=" " ind2=" ">
    <subfield code="a">Biblioteca nazionale Marciana. Venezia</subfield>
    <subfield code="1">VE0049</subfield>
    <subfield code="2">VEA BM</subfield>
  </datafield>
</record>
</collection>
